@article{zhu2017optimizing,
  title={Optimizing General-Purpose CPUs for Energy-Efficient Mobile Web Computing},
  author={Zhu, Yuhao and Reddi, Vijay Janapa},
  journal={ACM Transactions on Computer Systems (TOCS)},
  volume={35},
  number={1},
  pages={1},
  year={2017},
  publisher={ACM}
}

@inproceedings{nejati2016depth,
  title={An in-depth study of mobile browser performance},
  author={Nejati, Javad and Balasubramanian, Aruna},
  booktitle={Proc. WWW 2016},
  pages={1305--1315},
  year={2016}
}
@article{kilgard2012gpu,
  title={GPU-accelerated path rendering},
  author={Kilgard, Mark J and Bolz, Jeff},
  journal={ACM Transactions on Graphics (TOG)},
  volume={31},
  number={6},
  pages={172},
  year={2012},
  publisher={ACM}
}

@online{qualsnap,
  title={developer.qualcomm.com/software/snapdragon-profiler},
  author={Qualcomm Development Network}
}

@online{ggle,
  title={},
  author={https://developer.chrome.com/devtools}
}

@online{unity,
  title={http://hwstats.unity3d.com/mobile/}
}

@inproceedings{wang2013demystifying,
  title={Demystifying Page Load Performance with WProf.},
  author={Wang, Xiao Sophia and Balasubramanian, Aruna and Krishnamurthy, Arvind and Wetherall, David},
  booktitle={NSDI},
  pages={473--485},
  year={2013}
}

@techreport{almesberger1998linux,
  title={Linux traffic control},
  author={Almesberger, Werner},
  year={1998}
}