@inproceedings{www_lin,
 author = {Wang, Zhen and Lin, Felix Xiaozhu and Zhong, Lin and Chishtie, Mansoor},
 title = {How Far Can Client-only Solutions Go for Mobile Browser Speed?},
 booktitle = {Proceedings of the 21st International Conference on World Wide Web},
 series = {WWW '12},
 year = {2012},
 isbn = {978-1-4503-1229-5},
 location = {Lyon, France},
 pages = {31--40},
 numpages = {10},
 url = {http://doi.acm.org/10.1145/2187836.2187842},
 doi = {10.1145/2187836.2187842},
 acmid = {2187842},
 publisher = {ACM},
 address = {New York, NY, USA},
 keywords = {browser, mobile devices, web},
}


@inproceedings{qian_mobisys2014,
 author = {Qian, Feng and Sen, Subhabrata and Spatscheck, Oliver},
 title = {Characterizing Resource Usage for Mobile Web Browsing},
 booktitle = {Proceedings of the 12th Annual International Conference on Mobile Systems, Applications, and Services},
 series = {MobiSys '14},
 year = {2014},
 isbn = {978-1-4503-2793-0},
 location = {Bretton Woods, New Hampshire, USA},
 pages = {218--231},
 numpages = {14},
 url = {http://doi.acm.org/10.1145/2594368.2594372},
 doi = {10.1145/2594368.2594372},
 acmid = {2594372},
 publisher = {ACM},
 address = {New York, NY, USA},
 keywords = {cellular networks, energy consumption, http, mobile web, smartphones, spdy, ssl},
} 


@inproceedings{dukkipati_imc2011,
title = {Proportional Rate Reduction for TCP},
author  = {Nandita Dukkipati and Matt Mathis and Yuchung Cheng and Monia Ghobadi},
year  = 2011,
URL = {http://conferences.sigcomm.org/imc/2011/program.htm},
booktitle = {Proceedings of the 11th ACM SIGCOMM Conference on Internet Measurement 2011, Berlin, Germany - November 2-4, 2011}
}


@inproceedings{zhu_micro2015,
 author = {Yuhao Zhu and Matthew Halpern and Vijay Janapa Reddi},
 title = {The Role of the CPU in Energy-Efficient Mobile Web Browsing},
 booktitle = {In IEEE Micro -- Special Issue on Mobile Systems},
 series = { (EEE Micro'2015},
 year = {2015},
 } 

@inproceedings{webcore,
 author = {Zhu, Yuhao and Reddi, Vijay Janapa},
 title = {WebCore: Architectural Support for Mobileweb Browsing},
 booktitle = {Proceeding of the 41st Annual International Symposium on Computer Architecuture},
 series = {ISCA '14},
 year = {2014},
 isbn = {978-1-4799-4394-4},
 location = {Minneapolis, Minnesota, USA},
 pages = {541--552},
 numpages = {12},
 url = {http://dl.acm.org/citation.cfm?id=2665671.2665749},
 acmid = {2665749},
 publisher = {IEEE Press},
 address = {Piscataway, NJ, USA},
} 

@inproceedings{wprof,
  author = {Xiao Sophia Wang and Aruna Balasubramanian and Arvind Krishnamurthy and David Wetherall},
  title = {Demystify Page Load Performance with WProf},
  booktitle = {Proc. of the USENIX conference on Networked Systems Design and Implementation (NSDI)},
  year = {2013}
}

@inproceedings{webcaching,
 author = {Qian, Feng and Quah, Kee Shen and Huang, Junxian and Erman, Jeffrey and Gerber, Alexandre and Mao, Zhuoqing and Sen, Subhabrata and Spatscheck, Oliver},
 title = {Web Caching on Smartphones: Ideal vs. Reality},
 booktitle = {MobiSys '12},
 year = {2012},
 location = {Low Wood Bay, Lake District, UK},
 pages = {127--140},
 address = {New York, NY, USA},
} 


@misc{aft,
    key = "aft",
    title = {{Above the fold time}},
    howpublished = "\url{http://www.webperformancetoday.com/}",
}

@misc{critical_path,
    title = {{Google developers: Analyzing critical rendering path performance}},
    howpublished = "\url{https://developers.google.com/web/fundamentals/performance/critical-rendering-path/?hl=en
}"
    }
    
    
@misc{namespace,
    title = {{Network Namespace}},
    howpublished = "\url{http://blog.scottlowe.org/2013/09/04/introducing-linux-network-namespaces}"
    }
    
    
   @misc{chrome_tracing,
    title = {{The Trace Event Profiling Tool }},
    howpublished = "\url{ https://www.chromium.org/developers/how-tos/trace-event-profiling-tool}"
    }

@misc{google_developer_tools,
    title = {{Chrome developer tools}},
    howpublished = "\url{https://developer.chrome.com/devtools/}"
    }

    @misc{mobile-overtake,
    title = {{Mobile Internet Usage Skyrockets in Past 4 Years to Overtake Desktop as Most Used Digital Platform}},
    howpublished = "\url{http://www.comscore.com/Insights/Blog/Mobile-Internet-Usage-Skyrockets-in-Past-4-Years-to-Overtake-Desktop-as-Most-Used-Digital-Platform}"
    }

    

@misc{alexa,
    title = {{Alexa}},
    howpublished = "\url{http://www.alexa.com/}"
    }

@misc{googleio2014,
    title = {{Google I/O 2014: Making the Mobile Web Faster}},
    howpublished = "\url{https://www.google.com/events/io/schedule}"
    }

@misc{spdy,
    title = {{SPDY}},
    howpublished = "\url{https://www.chromium.org/spdy/spdy-whitepaper}"
    }

@misc{quic,
    title = {{Quic}},
    howpublished = "\url{https://www.chromium.org/quic}"
    }

@misc{modpagespeed,
    key = "modpagespeed",
    title = {{mod\_pagespeed}},
    howpublished = "\url{http://www.modpagespeed.com/}",
}

@misc{webpagetest,
    key = "webpagetest",
    title = {{WebPagetest}},
    howpublished = "\url{http://www.webpagetest.org/}",
}
@misc{yslow,
    key = "yslow",
    title = {{YSlow}},
    howpublished = "\url{http://yslow.org/}",
}
@misc{firebug,
    key = "firebug",
    title = {{Firebug}},
    howpublished = "\url{http://getfirebug.com/}",
}

@inproceedings{mahimahi,
   author =       "Ravi Netravali and Anirudh Sivaraman and Somak Das and Ameesh Goyal and Keith Winstein and James Mickens and Hari Balakrishnan",
   title =        "{Mahimahi: Accurate Record-and-Replay for HTTP}",
   booktitle =    {USENIX Annual Technical Conference 2015},
   year =         {2015},
   month =        {July},
   address =      {Santa Clara, CA}
}

@misc{d3,
    title = {{d3.js: Data Driven Documents}},
    howpublished = "\url{http://d3js.org/}",
}


@misc{firefox,
    title = {{Firefox Developer Tools}},
    howpublished = "\url{https://developer.mozilla.org/en-US/docs/Tools}",
}


@misc{httparchive,
    key = "har",
    title = {{HTTP Archive}},
    howpublished = "\url{http://httparchive.org/}",
}

@INPROCEEDINGS{ghana,
author={Yasir Zaki and Jay Chen and Thomas P{\"o}tsch and Talal Ahmad and Lakshmi Subramanian},
booktitle={Proceedings of the Internet Measurement Conference (IMC). Vancouver, Canada, November 2014.},
title={Dissecting Web Latency in Ghana},
year={2014}}

@inproceedings{ager_imc2011,
 author = {Bernhard Ager and Wolfgang Muhlbauer and Georgios Smaragdakis and Steve Uhlig},
 title = {{Web Content Cartography}},
 booktitle = {Proc. of the SIGCOMM conference on Internet Measurement Conference (IMC), 2011},
} 

@inproceedings{ihm_imc2011,
 author = {Sunghwan Ihm and Vivek S. Pai},
 title = {{Towards understanding modern web traffic}},
 booktitle = {Proc. of the SIGCOMM conference on Internet Measurement Conference (IMC), 2011},
} 

@inproceedings{butkiewicz_imc2011,
 author = {Butkiewicz, Michael and Madhyastha, Harsha V. and Sekar, Vyas},
 title = {Understanding website complexity: measurements, metrics, and implications},
 booktitle = {Proc. of the SIGCOMM conference on Internet Measurement Conference (IMC), 2011},
} 


@inproceedings{krishnan_imc2009,
 author = {Rupa Krishnan and Harsha Madhyastha and Sridhar Srinivasan and Sushant Jain and Arvind Krishnamurthy and Thoma Anderson and Jie Gao},
 title = {{Moving Beyond End-to-End Path Information to Optimize CDN Performance}},
 booktitle = {Proc. of the SIGCOMM conference on Internet Measurement Conference (IMC), 2009},
} 
@inproceedings{huang_mobisys2010,
 author = {Huang, Junxian and Xu, Qiang and Tiwana, Birjodh and Mao, Z. Morley and Zhang, Ming and Bahl, Paramvir},
 title = {{Anatomizing application performance differences on smartphones}},
 booktitle = {Proc. of the international conference on Mobile systems, applications, and services (Mobisys), 2010},
} 

@inproceedings{wang_hotmobile2011,
 author = {Wang, Zhen and Lin, Felix Xiaozhu and Zhong, Lin and Chishtie, Mansoor},
 title = {{Why are web browsers slow on smartphones?}},
 booktitle = {Proc. of the Workshop on Mobile Computing Systems and Applications (HotMobile), 2011},
} 

@inproceedings{meyerovich_www2010,
 author = {Meyerovich, Leo A. and Bodik, Rastislav},
 title = {{Fast and parallel webpage layout}},
 booktitle = {{Proc. of the international conference on World Wide Web (WWW), 2010}},
} 

@inproceedings{charlie_mobicom2015,
 author = {Chen, Xiaomeng and Jindal, Abhilash and Ding, Ning and Hu, Yu Charlie and Gupta, Maruti and Vannithamby, Rath},
 title = {Smartphone Background Activities in the Wild: Origin, Energy Drain, and Optimization},
 booktitle = {Proceedings of the 21st Annual International Conference on Mobile Computing and Networking},
 series = {MobiCom '15},
 year = {2015},
 isbn = {978-1-4503-3619-2},
 pages = {40--52},
 numpages = {13},
 url = {http://doi.acm.org/10.1145/2789168.2790107},
 doi = {10.1145/2789168.2790107},
 acmid = {2790107},
 publisher = {ACM},
} 


@inproceedings{flexiweb,
 author = {Singh, Shailendra and Madhyastha, Harsha V. and Krishnamurthy, Srikanth V. and Govindan, Ramesh},
 title = {FlexiWeb: Network-Aware Compaction for Accelerating Mobile Web Transfers},
 booktitle = {Proceedings of the 21st Annual International Conference on Mobile Computing and Networking},
 series = {MobiCom '15},
 year = {2015},
 isbn = {978-1-4503-3619-2},
 location = {Paris, France},
 pages = {604--616},
 numpages = {13},
 url = {http://doi.acm.org/10.1145/2789168.2790128},
 doi = {10.1145/2789168.2790128},
 acmid = {2790128},
 publisher = {ACM},
 address = {New York, NY, USA},
 keywords = {cellular network, compression proxy, middle box, mobile web browsing},
} 


@inproceedings{mobilehub,
 author = {Shen, Haichen and Balasubramanian, Aruna and LaMarca, Anthony and Wetherall, David},
 title = {Enhancing Mobile Apps to Use Sensor Hubs Without Programmer Effort},
 booktitle = {Proceedings of the 2015 ACM International Joint Conference on Pervasive and Ubiquitous Computing},
 series = {UbiComp '15},
 year = {2015},
 isbn = {978-1-4503-3574-4},
 location = {Osaka, Japan},
 pages = {227--238},
 numpages = {12},
 url = {http://doi.acm.org/10.1145/2750858.2804260},
 doi = {10.1145/2750858.2804260},
 acmid = {2804260},
 publisher = {ACM},
 address = {New York, NY, USA},
 keywords = {dynamic taint tracking, energy-efficiency, machine learning, mobile sensing, sensor hub},
} 


@inproceedings{cloud_hotmobile2014,
 author = {Ashiwan Sivakumar and Vijay Gopalakrishnan and Seungjoon Lee and Sanjay G. Rao and Subhabrata Sen and Oliver Spatscheck},
 title = {Cloud is not a silver bullet: a case study of cloud-based mobile browsing.},
 booktitle = {HotMobile},
  year = {2014},
 location = {California},
 publisher = {ACM},
 address = {New York, NY, USA},
} 


@inproceedings{wang_www2012,
 author = {Wang, Zhen and Lin, Felix Xiaozhu and Zhong, Lin and Chishtie, Mansoor},
 title = {{How far can client-only solutions go for mobile browser speed?}},
 booktitle = {{Proc. of the international conference on World Wide Web (WWW), 2012}},
} 

@inproceedings{silo,
 author = {Jame Mickens},
 title = {{Silo: Exploiting JavaScript and DOM Storage for Faster Page Loads}},
 booktitle = {Proc. of USENIX conference on Web Application Development (WebApps), 2010},
} 

@misc{dns-pre-resolution,
    key = "dns-pre-resolution",
    title = {{DNS pre-resolution}},
    howpublished = "\url{http://blogs.msdn.com/b/ie/archive/2011/03/17/internet-explorer-9-network-performance-improvements.aspx}",
}
@misc{tcp-pre-connect,
    key = "tcp-pre-connect",
    title = {{TCP pre-connect}},
    howpublished = "\url{http://www.igvita.com/2012/06/04/chrome-networking-dns-prefetch-and-tcp-preconnect/}",
}

@misc{mobile-only ,
    title = {{Mobile-only users surpass desktop-only users}},
    howpublished = "\url{http://marketingland.com/mobile-only-users-surpassed-pc-only-users-in-march-comscore-126952}",
}


@misc{dom ,
    title = {{W3C: Document Object Model}},
    howpublished = "\url{http://www.w3.org/DOM/}",
}



@inproceedings{zhang_www2010,
 author = {Zhang, Kaimin and Wang, Lu and Pan, Aimin and Zhu, Bin Benjamin},
 title = {{Smart caching for web browsers}},
 booktitle = {{Proc. of the international conference on World Wide Web (WWW), 2010}},
} 

@inproceedings{webprophet,
 author = {Li, Zhichun and Zhang, Ming and Zhu, Zhaosheng and Chen, Yan and Greenberg, Albert and Wang, Yi-Min},
 title = {{WebProphet: automating performance prediction for web services}},
 booktitle = {Proc. of the USENIX conference on Networked Systems Design and Implementation (NSDI), 2010},
} 

@inproceedings{mickens_nsdi2010,
 author = {Mickens, James and Elson, Jeremy and Howell, Jon and Lorch, Jay},
 title = {{Crom: Faster web browsing using speculative execution}},
 booktitle = {Proc. of the USENIX conference on Networked Systems Design and Implementation (NSDI), 2010},
} 
@inproceedings{zhou-conext2011,
 author = {Wenxuan Zhou and Qingxi Li and Matthew Caesar and Brighten Godfrey},
 title = {{ASAP: A Low-Latency Transport Layer}},
 booktitle = {Proc. of the International Conference on emerging Networking EXperiments and Technologies (CoNEXT), 2011},
} 

@inproceedings{radhakrishnan_conext2011,
 author = {Sivasankar Radhakrishnan and Yuchung Cheng and Jerry Chu and Arvind Jain and Barath Raghavan},
 title = {{Crom: Faster web browsing using speculative execution}},
 booktitle = {Proc. of the International Conference on emerging Networking EXperiments and Technologies (CoNEXT), 2011},
} 



@inproceedings {klotski,
	author = {Michael Butkiewicz and Daimeng Wang and Zhe Wu and Harsha V. Madhyastha and Vyas Sekar},
	title = {Klotski: Reprioritizing Web Content to Improve User Experience on Mobile Devices},
	booktitle = {12th USENIX Symposium on Networked Systems Design and Implementation (NSDI 15)},
	year = {2015},
	address = {Oakland, CA},
	url = {https://www.usenix.org/conference/nsdi15/technical-sessions/presentation/butkiewicz},
	publisher = {USENIX Association},
}


@misc{google_mobile_friendly,
    title = {{Make sure your site's ready for mobile-friendly Google search results}},
    howpublished = "\url{https://support.google.com/adsense/answer/6196932?hl=en}"
    }


@inproceedings{flywheel,
 author = {Agababov, Victor and Buettner, Michael and Chudnovsky, Victor and Cogan, Mark and Greenstein, Ben and McDaniel, Shane and Piatek, Michael and Scott, Colin and Welsh, Matt and Yin, Bolian},
 title = {Flywheel: Google's Data Compression Proxy for the Mobile Web},
 booktitle = {Proceedings of the 12th USENIX Conference on Networked Systems Design and Implementation},
 series = {NSDI'15},
 year = {2015},
 publisher = {USENIX Association},
} 


@inproceedings{spydier,
 author = {Erman, Jeffrey and Gopalakrishnan, Vijay and Jana, Rittwik and Ramakrishnan, K. K.},
 title = {Towards a SPDY'Ier Mobile Web?},
 booktitle = {Proceedings of the Ninth ACM Conference on Emerging Networking Experiments and Technologies},
 series = {CoNEXT '13},
 year = {2013},
 isbn = {978-1-4503-2101-3},
 pages = {303--314},
 numpages = {12},
 url = {http://doi.acm.org/10.1145/2535372.2535399},
 doi = {10.1145/2535372.2535399},
 acmid = {2535399},
 publisher = {ACM},
 address = {New York, NY, USA},
 keywords = {cellular networks, mobile web, spdy},
} 


@inproceedings{spdy_nsdi,
 author = {Wang, Xiao Sophia and Balasubramanian, Aruna and Krishnamurthy, Arvind and Wetherall, David},
 title = {How Speedy is SPDY?},
 booktitle = {Proceedings of the 11th USENIX Conference on Networked Systems Design and Implementation},
 series = {NSDI'14},
 year = {2014},
 isbn = {978-1-931971-09-6},
 pages = {387--399},
 numpages = {13},
 url = {http://dl.acm.org/citation.cfm?id=2616448.2616484},
 acmid = {2616484},
 publisher = {USENIX Association},
 address = {Berkeley, CA, USA},
} 


@inproceedings{parcel,
 author = {Sivakumar, Ashiwan and Puzhavakath Narayanan, Shankaranarayanan and Gopalakrishnan, Vijay and Lee, Seungjoon and Rao, Sanjay and Sen, Subhabrata},
 title = {PARCEL: Proxy Assisted BRowsing in Cellular Networks for Energy and Latency Reduction},
 booktitle = {Proceedings of the 10th ACM International on Conference on Emerging Networking Experiments and Technologies},
 series = {CoNEXT '14},
 year = {2014},
 publisher = {ACM},
 address = {New York, NY, USA},
 keywords = {cellular networks, cloud browsers, energy consump- tion, mobile web, proxy-assisted browsing, smartphones, web optimization},
} 

@misc{pagespeedinsight,
     title = {{Google Pagespeed Insights}},
    howpublished = "\url{https://developers.google.com/speed/pagespeed/insights}",
}
@misc{pltrevenue,
    key = "pltrevenue",
    title = {{Shopzilla: faster page load time = 12\% revenue increase}},
    howpublished = "\url{http://www.strangeloopnetworks.com/resources/infographics/web-performance-and-ecommerce/shopzilla-faster-pages-12-revenue-increase/}"
    }

@misc{ericcson_report,
  author={},
 title={Ericsson Mobility Report June 2015: \url{http://www.ericsson.com/res/docs/2015/ericsson-mobility-report-june-2015.pdf}},
}
@inproceedings{bui2015rethinking,
  title={Rethinking Energy-Performance Trade-Off in Mobile Web Page Loading},
  author={Bui, Duc Hoang and Liu, Yunxin and Kim, Hyosu and Shin, Insik and Zhao, Feng},
  booktitle={Proceedings of the 21st Annual International Conference on Mobile Computing and Networking},
  pages={14--26},
  year={2015},
  organization={ACM}
}
@inproceedings{singh2015flexiweb,
  title={FlexiWeb: Network-Aware Compaction for Accelerating Mobile Web Transfers},
  author={Singh, Shailendra and Madhyastha, Harsha V and Krishnamurthy, Srikanth V and Govindan, Ramesh},
  booktitle={Proceedings of the 21st Annual International Conference on Mobile Computing and Networking},
  pages={604--616},
  year={2015},
  organization={ACM}
}

@inproceedings{butkiewicz2011understanding,
  title={Understanding website complexity: measurements, metrics, and implications},
  author={Butkiewicz, Michael and Madhyastha, Harsha V and Sekar, Vyas},
  booktitle={Proceedings of the 2011 ACM SIGCOMM conference on Internet measurement conference},
  pages={313--328},
  year={2011},
  organization={ACM}
}

@misc{wiki_minification,
   author = "Wikipedia",
   title = "Minification (programming)",
   year = "2015",
   url = "https://en.wikipedia.org/wiki/Minification_(programming)",
   note = "[Online; accessed 3-July-2015]"
   }



 