@misc{micro-avg,
	title="{Micro- vs. Macro-Average}",
	howpublished={https://www.clips.uantwerpen.be/~vincent/pdf/microaverage.pdf}
}


@book{richardson2004h,
  title={H. 264 and MPEG-4 video compression: video coding for next-generation multimedia},
  author={Richardson, Iain E},
  year={2004},
  publisher={John Wiley \& Sons}
}

@article{pertuz2013analysis,
  title={Analysis of focus measure operators for shape-from-focus},
  author={Pertuz, Said and Puig, Domenec and Garcia, Miguel Angel},
  journal={Pattern Recognition},
  volume={46},
  number={5},
  pages={1415--1432},
  year={2013},
  publisher={Elsevier}
}

@inproceedings{blanchet2012explicit,
  title={An explicit sharpness index related to global phase coherence},
  author={Blanchet, Gwendoline and Moisan, Lionel},
  booktitle={IEEE ICASSP},
  year={2012}
}

@article{forecast2016cisco,
  title={Cisco Visual Networking Index: Global Mobile Data Traffic Forecast Update, 2016--2021 White Paper},
  author={Forecast, Cisco VNI},
  year={2017}
}

@online{qualsnap,
  title={developer.qualcomm.com/software/snapdragon-profiler},
  author={Qualcomm Development Network}
}

@online{ggle,
  title={Chrome Developer Tools},
  author={https://developer.chrome.com/devtools}
}

@online{xiph2008org,
  title="{Xiph.org Video Test Media}",
  author={media.xiph.org/video/derf/}
}

@misc{ffmpeg,
  title="{FFmpeg}",
  howpublished={ffmpeg.org/}
}

@misc{turk-amazon,
  title="{Amazon Mechanical Turk}",
  howpublished={https://www.mturk.com/}
}

@article{jana2016qoe,
  title={QoE prediction model for mobile video telephony},
  author={Jana, Shraboni and Chan, An and Pande, Amit and Mohapatra, Prasant},
  journal={Multimedia Tools and Applications},
  volume={75},
  number={13},
  pages={7957--7980},
  year={2016},
  publisher={Springer}
}

@inproceedings{aggarwal2014prometheus,
  title={Prometheus: toward quality-of-experience estimation for mobile apps from passive network measurements},
  author={Aggarwal, Vaneet and Halepovic, Emir and Pang, Jeffrey and Venkataraman, Shobha and Yan, He},
  booktitle={ACM HotMobile},
  year={2014},
}

@inproceedings{balachandran2013developing,
  title={Developing a predictive model of quality of experience for internet video},
  author={Balachandran, Athula and Sekar, Vyas and Akella, Aditya and Seshan, Srinivasan and Stoica, Ion and Zhang, Hui},
  booktitle={ACM SIGCOMM},
  year={2013}
}

@inproceedings{balachandran2012quest,
  title={A quest for an internet video quality-of-experience metric},
  author={Balachandran, Athula and Sekar, Vyas and Akella, Aditya and Seshan, Srinivasan and Stoica, Ion and Zhang, Hui},
  booktitle={ACM Hotnets},
  year={2012}
}

@inproceedings{chen2006quantifying,
  title={Quantifying Skype user satisfaction},
  author={Chen, Kuan-Ta and Huang, Chun-Ying and Huang, Polly and Lei, Chin-Laung},
  booktitle={ACM SIGCOMM},
  year={2006}
}

@inproceedings{chen2014qoe,
  title={Qoe doctor: Diagnosing mobile app qoe with automated ui control and cross-layer analysis},
  author={Chen, Qi Alfred and Luo, Haokun and Rosen, Sanae and Mao, Z Morley and Iyer, Karthik and Hui, Jie and Sontineni, Kranthi and Lau, Kevin},
  booktitle={ACM IMC},
  year={2014}
}

@inproceedings{dobrian2011understanding,
  title={Understanding the impact of video quality on user engagement},
  author={Dobrian, Florin and Sekar, Vyas and Awan, Asad and Stoica, Ion and Joseph, Dilip and Ganjam, Aditya and Zhan, Jibin and Zhang, Hui},
  booktitle={ACM SIGCOMM},
  year={2011}
}

@article{fiedler2010generic,
  title={A generic quantitative relationship between quality of experience and quality of service},
  author={Fiedler, Markus and Hossfeld, Tobias and Tran-Gia, Phuoc},
  journal={IEEE Network},
  volume={24},
  number={2},
  year={2010},
  publisher={IEEE}
}

@inproceedings{jiang2014eona,
  title={Eona: Experience-oriented network architecture},
  author={Jiang, Junchen and Liu, Xi and Sekar, Vyas and Stoica, Ion and Zhang, Hui},
  booktitle={ACM Hotnets},
  year={2014}
}

@inproceedings{mahindra2014practical,
  title={A practical traffic management system for integrated LTE-WiFi networks},
  author={Mahindra, Rajesh and Viswanathan, Hari and Sundaresan, Karthik and Arslan, Mustafa Y and Rangarajan, Sampath},
  booktitle={ACM MobiCom},
  year={2014}
}

@inproceedings{shafiq2014understanding,
  title={Understanding the impact of network dynamics on mobile video user engagement},
  author={Shafiq, Muhammad Zubair and Erman, Jeffrey and Ji, Lusheng and Liu, Alex X and Pang, Jeffrey and Wang, Jia},
  booktitle={ACM SIGMETRICS},
  year={2014}
}

@article{jansen2011enabling,
  title={Enabling composition-based video-conferencing for the home},
  author={Jansen, Jack and Cesar, Pablo and Bulterman, Dick CA and Stevens, Tim and Kegel, Ian and Issing, Jochen},
  journal={IEEE Transactions on Multimedia},
  volume={13},
  number={5},
  pages={869--881},
  year={2011},
  publisher={IEEE}
}

@inproceedings{xu2012video,
  title={Video telephony for end-consumers: measurement study of Google+, iChat, and Skype},
  author={Xu, Yang and Yu, Chenguang and Li, Jingjiang and Liu, Yong},
  booktitle={ACM IMC},
  year={2012}
}

@article{chen2015qos,
  title={From QoS to QoE: A tutorial on video quality assessment},
  author={Chen, Yanjiao and Wu, Kaishun and Zhang, Qian},
  journal={IEEE Communications Surveys \& Tutorials},
  volume={17},
  number={2},
  pages={1126--1165},
  year={2015},
  publisher={IEEE}
}

@inproceedings{orosz2014case,
  title={A case study on correlating video QoS and QoE},
  author={Orosz, Peter and Skopko, Tamas and Nagy, Zoltan and Varga, P{\'a}l and Gyimothi, Laszlo},
  booktitle={IEEE NOMS},
  year={2014}
}

@inproceedings{zhang2012profiling,
  title={Profiling skype video calls: Rate control and video quality},
  author={Zhang, Xinggong and Xu, Yang and Hu, Hao and Liu, Yong and Guo, Zongming and Wang, Yao},
  booktitle={IEEE INFOCOM},
  year={2012}
}

@inproceedings{yu2014can,
  title={Can you SEE me now? A measurement study of mobile video calls},
  author={Yu, Chenguang and Xu, Yang and Liu, Bo and Liu, Yong},
  booktitle={IEEE INFOCOM},
  year={2014}
}

@article{seufert2015survey,
  title={A survey on quality of experience of HTTP adaptive streaming},
  author={Seufert, Michael and Egger, Sebastian and Slanina, Martin and Zinner, Thomas and Hobfeld, Tobias and Tran-Gia, Phuoc},
  journal={IEEE Communications Surveys \& Tutorials},
  volume={17},
  number={1},
  pages={469--492},
  year={2015},
  publisher={IEEE}
}

@inproceedings{chakraborty2016exbox,
  title={ExBox: Experience Management Middlebox for Wireless Networks.},
  author={Chakraborty, Ayon and Sanadhya, Shruti and Das, Samir Ranjan and Kim, Dongho and Kim, Kyu-Han},
  booktitle={ACM CoNEXT},
  year={2016}
}

@misc{youtube_streaming,
title="{Donâ€™t touch that dial: How YouTube is bringing adaptive streaming to mobile, TVs}",
howpublished="{gigaom.com/2013/03/13/youtube-adaptive-streaming-mobile-tv/}"
}

@misc{spt,
title="{Space Pirate Trainer}",
howpublished="{www.spacepiratetrainer.com/}"
}

@misc{theblu,
title="{theBlu: Encounter}",
howpublished="{wevr.com/project/theblu-encounter}"
}

@inproceedings{marichal1999blur,
  title={Blur determination in the compressed domain using DCT information},
  author={Marichal, Xavier and Ma, Wei-Ying and Zhang, HongJiang},
  booktitle={IEEE ICIP},
  year={1999},
}

@article{golestaneh2014no,
  title={No-reference quality assessment of JPEG images via a quality relevance map},
  author={Golestaneh, S Alireza and Chandler, Damon M},
  journal={IEEE signal processing letters},
  volume={21},
  number={2},
  pages={155--158},
  year={2014},
  publisher={IEEE}
}

@inproceedings{tong2004blur,
  title={Blur detection for digital images using wavelet transform},
  author={Tong, Hanghang and Li, Mingjing and Zhang, Hongjiang and Zhang, Changshui},
  booktitle={IEEE ICME},
  year={2004}
}

@inproceedings{marziliano2002no,
  title={A no-reference perceptual blur metric},
  author={Marziliano, Pina and Dufaux, Frederic and Winkler, Stefan and Ebrahimi, Touradj},
  booktitle={IEEE ICIP},
  year={2002}
}

@article{mittal2012no,
  title={No-reference image quality assessment in the spatial domain},
  author={Mittal, Anish and Moorthy, Anush Krishna and Bovik, Alan Conrad},
  journal={IEEE Transactions on Image Processing},
  volume={21},
  number={12},
  pages={4695--4708},
  year={2012},
  publisher={IEEE}
}

@article{yang2007perceptual,
  title={Perceptual temporal quality metric for compressed video},
  author={Yang, Kai-Chieh and Guest, Clark C and El-Maleh, Khaled and Das, Pankaj K},
  journal={IEEE Transactions on Multimedia},
  volume={9},
  number={7},
  pages={1528--1535},
  year={2007},
  publisher={IEEE}
}

@inproceedings{wolf2009no,
  title={A no reference (NR) and reduced reference (RR) metric for detecting dropped video frames},
  author={Wolf, Stephen and Pinson, M},
  booktitle={VPQM},
  year={2009}
}

@inproceedings{borer2010model,
  title={A model of jerkiness for temporal impairments in video transmission},
  author={Borer, Silvio},
  booktitle={IEEE QoMEX},
  year={2010}
}

@article{usman2017no,
  title={A no reference video quality metric based on jerkiness estimation focusing on multiple frame freezing in video streaming},
  author={Usman, Muhammad Arslan and Shin, Soo Young and Shahid, Muhammad and L{\"o}vstr{\"o}m, Benny},
  journal={IETE Technical Review},
  volume={34},
  number={3},
  pages={309--320},
  year={2017},
  publisher={Taylor \& Francis}
}

@inproceedings{pastrana2006automatic,
  title={Automatic quality assessment of video fluidity impairments using a no-reference metric},
  author={Pastrana-Vidal, Ricardo R and Gicquel, Jean-Charles},
  booktitle={VPQM},
  year={2006}
}

@article{series2012methodology,
      title={Methodology for the subjective assessment of the quality of television pictures},
        author={Series, BT},
          journal={Recommendation ITU-R BT},
            pages={500--13},
              year={2012}
}

@inproceedings{Agboma,
 author = {Agboma, Florence and Liotta, Antonio},
 title = {QoE-aware QoS Management},
 booktitle = {Proceedings of the 6th International Conference on Advances in Mobile Computing and Multimedia},
 series = {MoMM '08},
 year = {2008},
 isbn = {978-1-60558-269-6},
 location = {Linz, Austria},
 pages = {111--116},
 numpages = {6},
 url = {http://doi.acm.org/10.1145/1497185.1497210},
 doi = {10.1145/1497185.1497210},
 acmid = {1497210},
 publisher = {ACM},
 address = {New York, NY, USA},
 keywords = {QoE, QoE management, QoS},
} 

@inproceedings{yamazaki2012service,
  title={A service quality coordination model bridging QoS and QoE},
  author={Yamazaki, Tatsuya and Miyoshi, Takumi and Eguchi, Masato and Yamori, Kyoko},
  booktitle={IEEE IWQoS},
  year={2012},
  organization={IEEE Press}
}

@inproceedings{cui2008image,
      title={An Image Quality Metric based on Corner, Edge and Symmetry Maps.},
        author={Cui, Li and Allen, Alastair R},
          booktitle={BMVC},
            pages={1--10},
              year={2008}
}

@inproceedings{drucker1997improving,
      title={Improving regressors using boosting techniques},
        author={Drucker, Harris},
          booktitle={ICML},
                year={1997}
}

@article{freund1997decision,
      title={A decision-theoretic generalization of on-line learning and an application to boosting},
        author={Freund, Yoav and Schapire, Robert E},
          journal={Journal of computer and system sciences},
            volume={55},
              number={1},
                pages={119--139},
                  year={1997},
                    publisher={Elsevier}
}

@online{awc,
      title={https://github.com/dtmilano/AndroidViewClient},
        author={Android View Cient (AVC).}
}

@online{mancam,
      title={https://manycam.com/},
        author={Manycam.}
}

@online{azscreen,
      title={http://az-screen-recorder.en.uptodown.com/android},
        author={Az Screen Recorder.}
}

@online{ensemblemethods2008,
      title={http://scikit-learn.org/stable/modules/ensemble.html},
        author={Ensemble Methods.}
}

@article{pestov2013k,
      title={Is the k-NN classifier in high dimensions affected by the curse of dimensionality?},
        author={Pestov, Vladimir},
          journal={Computers \& Mathematics with Applications},
            volume={65},
              number={10},
                pages={1427--1437},
                  year={2013},
                    publisher={Elsevier}
}
